@inproceedings{agda,
 author = {Bove, Ana and Dybjer, Peter and Norell, Ulf},
 title = {A Brief Overview of Agda --- A Functional Language with Dependent Types},
 booktitle = {Proceedings of the 22Nd International Conference on Theorem Proving in Higher Order Logics},
 series = {TPHOLs '09},
 year = {2009},
 isbn = {978-3-642-03358-2},
 location = {Munich, Germany},
 pages = {73--78},
 numpages = {6},
 url = {http://dx.doi.org/10.1007/978-3-642-03359-9_6},
 doi = {10.1007/978-3-642-03359-9_6},
 acmid = {1616085},
 publisher = {Springer-Verlag},
 address = {Berlin, Heidelberg},
} 

@article{idris,
author = {BRADY,EDWIN},
title = {Idris, a general-purpose dependently typed programming language: Design and implementation},
journal = {Journal of Functional Programming},
volume = {23},
issue = {05},
year = {2013},
issn = {1469-7653},
pages = {552--593},
numpages = {42},
doi = {10.1017/S095679681300018X},
URL = {http://journals.cambridge.org/article_S095679681300018X},
}

@article{ml,
author = {Robin Milner},
title = {{A Theory of Type Polymorphism in Programming}},
journal = {Journal of Computer and System Sciences},
volume = {17},
year = {1978},
pages = {348--375},
issue = {3},
doi = {10.1016/0022-0000(78)90014-4},
masid = {790950}
}

@MISC{haskell98,
    author = {Simon Peyton Jones (editor)},
    title = {Haskell 98 Language and Semantics},
    year = {2002},
    url = {https://www.haskell.org/onlinereport/}
}

 @misc{fixpoint,
   author = "Wikipedia",
   title = "Fixed-point combinator --- Wikipedia{,} The Free Encyclopedia",
   year = "2015",
   url = "https://en.wikipedia.org/w/index.php?title=Fixed-point_combinator&oldid=664047929",
   note = "[Online; accessed 24-June-2015]"
 }

@misc{oleg-ystar,
  author = "Oleg Kiselyov",
  title = "Many faces of the fixed-point combinator",
  year = "2013",
  url = "http://okmij.org/ftp/Computation/fixed-point-combinators.html"
}

    @article{hindleymilner,
     jstor_articletype = {research-article},
     title = {The Principal Type-Scheme of an Object in Combinatory Logic},
     author = {Hindley, R.},
     journal = {Transactions of the American Mathematical Society},
     jstor_issuetitle = {},
     volume = {146},
     number = {},
     jstor_formatteddate = {Dec., 1969},
     pages = {pp. 29-60},
     url = {http://www.jstor.org/stable/1995158},
     ISSN = {00029947},
     abstract = {},
     language = {English},
     year = {1969},
     publisher = {American Mathematical Society},
     copyright = {Copyright Â© 1969 American Mathematical Society},
    }

@INPROCEEDINGS{ghc-sorts,
AUTHOR = "Stephanie Weirich and Justin Hsu and Richard A. Eisenberg",
TITLE = "System FC with explicit kind equality",
BOOKTITLE = "ICFP'13",
PAGES = {275-286},
YEAR = {2013}, 
}